<?xml version="1.0" encoding="UTF-8"?>
<record xmlns="http://www.loc.gov/MARC21/slim">
  <leader>02407ntm a22003017a 4500</leader>
  <controlfield tag="001">3567752</controlfield>
  <controlfield tag="005">20100812123900.0</controlfield>
  <controlfield tag="008">090115s1860    xx            000 i eng d</controlfield>
  <datafield tag="033" ind1="0" ind2="0">
    <subfield code="a">18600409</subfield>
  </datafield>
  <datafield tag="040" ind1=" " ind2=" ">
    <subfield code="a">BRL</subfield>
  </datafield>
  <datafield tag="099" ind1=" " ind2=" ">
    <subfield code="a">Ms.A.9.2 v.30, p.39B</subfield>
  </datafield>
  <datafield tag="100" ind1="1" ind2=" ">
    <subfield code="a">Brooks, Mary Merrick,</subfield>
    <subfield code="d">1801-1868.</subfield>
  </datafield>
  <datafield tag="245" ind1="1" ind2="0">
    <subfield code="a">[Letter to] Dear Mrs. Chapman</subfield>
    <subfield code="h">[manuscript].</subfield>
  </datafield>
  <datafield tag="260" ind1=" " ind2=" ">
    <subfield code="a">Concord, [Mass.],</subfield>
    <subfield code="c">April 9th / [18]60.</subfield>
  </datafield>
  <datafield tag="300" ind1=" " ind2=" ">
    <subfield code="a">1 leaf (4 p.) ;</subfield>
    <subfield code="c">6 1/4 x 3 7/8 in.</subfield>
  </datafield>
  <datafield tag="500" ind1=" " ind2=" ">
    <subfield code="a">Holograph, signed.</subfield>
  </datafield>
  <datafield tag="500" ind1=" " ind2=" ">
    <subfield code="a">In this letter, Mary Merrick Brooks discusses the attempted arrest by U.S. officers of Franklin B. Sanborn of Concord for refusing to obey the summons to appear before the Harper&apos;s Ferry Investigating Committee. Mary M. Brooks says: &quot;One of the officers told the Deputy Sherriff that he had been in all kinds of mobs and in all kinds of danger, but he never felt in such fear before---Those manacled hands which he was obliged to hold up over the heads of the crowd on account of the pain caused by the handcuffs being too tight aroused the crowd to great indignation.&quot; Mary M. Brooks ran down the street crying &quot;murder, murder, help, help.&quot; Mr. Sanborn &quot;owed his deliverance mainly to his sister and Mr. Bigelow. Mr. B. is a sturdy blacksmith and he fought with the officers until the crowd assembled. Sandborn [sic] is a perfect John Brown man I fear he will be killed.&quot; Sanborn &quot;walks the streets and keeps the school the same as ever, don&apos;t mean to hide, don&apos;t mean to go off--- ...&quot; &quot;The last words the Martyr Hosmer said were, that if they carried Sandborn [sic] off, he should be carried over his dead body.&quot; [The deportation of Mr. Sanborn was prevented by the application of a writ of habeas corpus. Mr. Rufus Hosmer died from the effects of the excitement caused by his witnessing the arrest of Sanborn.]</subfield>
  </datafield>
  <datafield tag="600" ind1="1" ind2="0">
    <subfield code="a">Chapman, Maria Weston,</subfield>
    <subfield code="d">1806-1885</subfield>
    <subfield code="v">Correspondence.</subfield>
  </datafield>
  <datafield tag="600" ind1="1" ind2="0">
    <subfield code="a">Brooks, Mary Merrick,</subfield>
    <subfield code="d">1801-1868</subfield>
    <subfield code="v">Correspondence.</subfield>
  </datafield>
  <datafield tag="600" ind1="1" ind2="0">
    <subfield code="a">Hosmer, Rufus,</subfield>
    <subfield code="d">1809-1860.</subfield>
  </datafield>
  <datafield tag="600" ind1="1" ind2="0">
    <subfield code="a">Sanborn, F. B.</subfield>
    <subfield code="q">(Franklin Benjamin),</subfield>
    <subfield code="d">1831-1917.</subfield>
  </datafield>
  <datafield tag="650" ind1=" " ind2="0">
    <subfield code="a">Antislavery movements</subfield>
    <subfield code="z">United States</subfield>
    <subfield code="x">History</subfield>
    <subfield code="y">19th century.</subfield>
  </datafield>
  <datafield tag="650" ind1=" " ind2="0">
    <subfield code="a">Women abolitionists</subfield>
    <subfield code="z">Massachusetts</subfield>
    <subfield code="z">Boston</subfield>
    <subfield code="y">19th century</subfield>
    <subfield code="v">Correspondence.</subfield>
  </datafield>
  <datafield tag="655" ind1=" " ind2="0">
    <subfield code="a">Letters.</subfield>
  </datafield>
  <datafield tag="655" ind1=" " ind2="0">
    <subfield code="a">Manuscripts.</subfield>
  </datafield>
  <datafield tag="700" ind1="1" ind2=" ">
    <subfield code="a">Chapman, Maria Weston,</subfield>
    <subfield code="d">1806-1885,</subfield>
    <subfield code="e">recipient.</subfield>
  </datafield>
  <datafield tag="830" ind1=" " ind2="0">
    <subfield code="a">Maria Weston Chapman Correspondence (1835-1885)</subfield>
  </datafield>
  <datafield tag="999" ind1=" " ind2=" ">
    <subfield code="a">shots: 4</subfield>
  </datafield>
</record>
